
@misc{das_acc_2023,
	title = {{ACC} for lc thresholds for algebraically integrable foliations},
	url = {http://arxiv.org/abs/2307.07157},
	doi = {10.48550/arXiv.2307.07157},
	abstract = {We prove the ACC for lc thresholds and the global ACC for algebraically integrable foliations and provide applications.},
	urldate = {2023-12-09},
	publisher = {arXiv},
	author = {Das, Omprokash and Liu, Jihao and Mascharak, Roktim},
	month = jul,
	year = {2023},
	note = {arXiv:2307.07157 [math]},
	keywords = {ACC, foliation},
	file = {arXiv Fulltext PDF:/home/hiraeth/Documents/AlgebraicGeometry/acc_for_lc_thresholds_for_algebraically_integrable_foliations_das_2023.pdf:application/pdf;arXiv.org Snapshot:/home/hiraeth/Documents/AlgebraicGeometry/2307.html:text/html},
}
