
@article{hacon_acc_2014,
	title = {{ACC} for log canonical thresholds},
	volume = {180},
	issn = {0003-486X},
	url = {https://annals.math.princeton.edu/2014/180-2/p03},
	doi = {10.4007/annals.2014.180.2.3},
	abstract = {We show that log canonical thresholds satisfy the ACC.},
	language = {en},
	number = {2},
	urldate = {2022-06-24},
	journal = {Annals of Mathematics},
	author = {Hacon, Christopher and M{\textbackslash}textsuperscript\{c\}Kernan, James and Xu, Chenyang},
	month = sep,
	year = {2014},
	pages = {523--571},
	file = {acc_for_log_canonical_thresholds_hacon_2014.pdf:/home/hiraeth/Documents/AlgebraicGeometry/acc_for_log_canonical_thresholds_hacon_2014.pdf:application/pdf},
}
