
@misc{ambro_positivity_2022,
	title = {Positivity of the {Moduli} {Part}},
	url = {http://arxiv.org/abs/2111.00423},
	doi = {10.48550/arXiv.2111.00423},
	abstract = {We prove the Cone Theorem for algebraically integrable foliations. As a consequence, we show that termination of flips implies the b-nefness of the moduli part of a log canonical pair with respect to a contraction, generalising the case of lc trivial fibrations.},
	urldate = {2023-11-03},
	publisher = {arXiv},
	author = {Ambro, Florin and Cascini, Paolo and Shokurov, Vyacheslav and Spicer, Calum},
	month = mar,
	year = {2022},
	note = {arXiv:2111.00423 [math]},
	keywords = {cbf, foliation, workingon},
	file = {arXiv.org Snapshot:/home/hiraeth/Documents/Zotero/storage/TAAPW54T/2111.html:text/html;positivity_of_the_moduli_part_ambro_2022.pdf:/home/hiraeth/Documents/AlgebraicGeometry/positivity_of_the_moduli_part_ambro_2022.pdf:application/pdf},
}
