
@article{birkar_existence_2009,
	title = {Existence of minimal models for varieties of log general type},
	volume = {23},
	issn = {0894-0347},
	url = {http://www.ams.org/journal-getitem?pii=S0894-0347-09-00649-3},
	doi = {10.1090/S0894-0347-09-00649-3},
	language = {en},
	number = {2},
	urldate = {2022-12-02},
	journal = {Journal of the American Mathematical Society},
	author = {Birkar, Caucher and Cascini, Paolo and Hacon, Christopher D. and M{\textbackslash}textsuperscript\{c\}Kernan, James},
	month = nov,
	year = {2009},
	pages = {405--468},
	file = {existence_of_minimal_models_for_varieties_of_log_general_type_birkar_2009.pdf:/home/hiraeth/Documents/AlgebraicGeometry/existence_of_minimal_models_for_varieties_of_log_general_type_birkar_2009.pdf:application/pdf},
}
