
@article{druel_codimension_2021,
	title = {Codimension 1 foliations with numerically trivial canonical class on singular spaces},
	volume = {170},
	issn = {0012-7094},
	url = {https://projecteuclid.org/journals/duke-mathematical-journal/volume-170/issue-1/Codimension-1-foliations-with-numerically-trivial-canonical-class-on-singular/10.1215/00127094-2020-0041.full},
	doi = {10.1215/00127094-2020-0041},
	abstract = {In this article, we describe the structure of codimension 1 foliations with canonical singularities and numerically trivial canonical class on varieties with terminal singularities, extending a result of Loray, Pereira, and Touzet to this context.},
	language = {en},
	number = {1},
	urldate = {2023-11-04},
	journal = {Duke Mathematical Journal},
	author = {Druel, St√©phane},
	month = jan,
	year = {2021},
	keywords = {foliation, workingon},
	file = {codimension_1_foliations_with_numerically_trivial_canonical_class_on_singular_druel_2021.pdf:/home/hiraeth/Documents/AlgebraicGeometry/codimension_1_foliations_with_numerically_trivial_canonical_class_on_singular_druel_2021.pdf:application/pdf},
}
