
@article{kawamata_flops_2008,
	title = {Flops {Connect} {Minimal} {Models}},
	volume = {44},
	issn = {0034-5318},
	url = {http://www.ems-ph.org/doi/10.2977/prims/1210167332},
	doi = {10.2977/prims/1210167332},
	abstract = {A result by Birkar-Cascini-Hacon-McKernan together with the boundedness of length of extremal rays implies that diﬀerent minimal models can be connected by a sequence of ﬂops.},
	language = {en},
	number = {2},
	urldate = {2022-06-24},
	journal = {Publications of the Research Institute for Mathematical Sciences},
	author = {Kawamata, Yujiro},
	year = {2008},
	keywords = {flip, flop},
	pages = {419--423},
	file = {flops_connect_minimal_models_kawamata_2008.pdf:/home/hiraeth/Documents/AlgebraicGeometry/flops_connect_minimal_models_kawamata_2008.pdf:application/pdf},
}
