
@book{kollar_birationalgeometryofalgebraicvarieties_1998,
	address = {Cambridge ; New York},
	series = {Cambridge tracts in mathematics},
	title = {{BirationalGeometryofAlgebraicVarieties}},
	isbn = {978-0-521-63277-5},
	language = {en},
	number = {134},
	publisher = {Cambridge University Press},
	author = {Koll치r, J치nos and Mori, Shigefumi},
	year = {1998},
	keywords = {intro, singularity, mmp, bbg},
	file = {birationalgeometryofalgebraicvarieties_koll치r_1998.pdf:/home/hiraeth/Documents/AlgebraicGeometry/birationalgeometryofalgebraicvarieties_koll치r_1998.pdf:application/pdf},
}
