
@inproceedings{kawamata_introduction_nodate,
	address = {Tohoku University, Sendai, Japan},
	title = {Introduction to the {Minimal} {Model} {Problem}},
	url = {https://projecteuclid.org/euclid.aspm/1525310275},
	doi = {10.2969/aspm/01010283},
	language = {en},
	urldate = {2022-06-24},
	author = {Kawamata, Yujiro and Matsuda, Katsumi and Matsuki, Kenji},
	keywords = {intro, mmp},
	pages = {283--360},
	file = {introduction_to_the_minimal_model_problem_kawamata.pdf:/home/hiraeth/Documents/AlgebraicGeometry/introduction_to_the_minimal_model_problem_kawamata.pdf:application/pdf},
}
