
@article{tsakanikas_remarks_2024,
  title = {Remarks on the existence of minimal models of log canonical
           generalized pairs},
  volume = {307},
  issn = {0025-5874, 1432-1823},
  doi = {10.1007/s00209-024-03489-6},
  language = {en},
  number = {1},
  urldate = {2024-05-11},
  journal = {Mathematische Zeitschrift},
  author = {Tsakanikas, Nikolaos and Xie, Lingyao},
  month = may,
  year = {2024},
  pages = {20},
}
