
@article{araujo_fano_2013,
	title = {On {Fano} foliations},
	volume = {238},
	issn = {00018708},
	url = {https://linkinghub.elsevier.com/retrieve/pii/S0001870813000297},
	doi = {10.1016/j.aim.2013.02.003},
	language = {en},
	urldate = {2024-02-06},
	journal = {Advances in Mathematics},
	author = {Araujo, Carolina and Druel, St√©phane},
	month = may,
	year = {2013},
	keywords = {fano, foliation},
	pages = {70--118},
	file = {main.pdf:/home/hiraeth/Documents/AlgebraicGeometry/main.pdf:application/pdf},
}
