
  \bibitem[Bir19]{Bir19} C. Birkar;
  \textit{Anti-pluricanonical systems on Fano varieties}, Ann. of Math. (2) \textbf{190} (2019), no. 2,  345--463.

  \bibitem[Bir21]{birkarSingularitiesLinearSystems2020}
  C. Birkar;
  \textit{Singularities of linear systems and boundedness of Fano varieties},
  Ann. of Math. (2) \textbf{193} (2021), no. 2, 347–405.

  \bibitem[BCHM]{BCHM10}
  C. Birkar, P. Cascini, C. D. Hacon, and J. M\textsuperscript{c}Kernan;  \textit{Existence of minimal models for varieties of log general type}, J. Amer. Math. Soc. \textbf{23} (2010), no. 2, 405--468

  \bibitem[BM97]{brunoLogSarkisovProgram1995}
  A. Bruno and K. Matsuki; \textit{Log {S}arkisov program},
  Internat. J. Math. \textbf{8} (1997), no. 4, 451–494.

  \bibitem[CS11]{cs11}
  S. R. Choi and V. V. Shokurov; \textit{Geography of log models: theory and applications.}
  Cent. Eur. J. Math. 9 (2011), no. 3, 489--534.

  \bibitem[Cor95]{cortiFactoringBirationalMaps} A. Corti;
  \textit{Factoring birational maps of threefolds after {{Sarkisov}}},
  Journal of Algebraic Geometry. (4) \textbf{190} (1995), no. 2, p. 223--245.

  \bibitem[Hac12]{haconMinimalModelProgram2012}
  C. D. Hacon;
  \textit{The {{Minimal}} model program for {{varieties}} of log general type}. On the webpage of Hacon,
  \url{https://www.math.utah.edu/~hacon/MMP.pdf}

  \bibitem[HM13]{haconSarkisovProgram2012}
  C. D. Hacon and J. M\textsuperscript{c}Kernan;
  \textit{The {{Sarkisov}} program},
  J. Algebraic Geom. \textbf{22} (2013), no. 2, 389–405.

  \bibitem[HMX14]{HMX14} C. D. Hacon, J. M\textsuperscript{c}Kernan, and C. Xu; \textit{ACC for log canonical thresholds}, Ann. of Math. (2) \textbf{180} (2014), no. 2, 523--571.

  \bibitem[Kaw08]{kawamataFlopsConnectMinimal2008}
  Y. Kawamata;
  \textit{Flops {{Connect Minimal Models}}},
  Publ. Res. Inst. Math. Sci. \textbf{44} (2008), no. 2, 419–423.

  \bibitem[KSC04]{ksc04}
  J. Koll\'{a}r, K. Smith, A. Corti; \textit{Rational and nearly rational varieties.} Cambridge Studies in Advanced Mathematics, 92. Cambridge University Press, Cambridge, 2004.

  \bibitem[Lam22]{lam22} S. Lamy; \textit{The Cremona group}, preprint.

  \bibitem[Liu21]{liuSarkisovProgramGeneralized2021}
  J. Liu;
  \textit{Sarkisov program for generalized pairs},
  Osaka J. Math. \textbf{58} (2021), no. 4, 899–920.

  \bibitem[Mat02]{mat02} K. Matsuki; \textit{Introduction to the Mori program}. Universitext. Springer-Verlag, New York, 2002.

  \bibitem[Miy19]{miyamoto2019TheSP}
  K. Miyamoto;
  \textit{The Sarkisov program on log surfaces},
  preprint (2019) arXiv:1910.07025 [math.AG]

  \bibitem[Sar80]{sarkisovBIRATIONALAUTOMORPHISMSCONIC1981}
  V.~G. Sarkisov;
  \textit{{Birational automorphisms of conic bundles}},
  Izv. Akad. Nauk SSSR Ser. Mat. \textbf{44} (1980), no. 4, 918–945, 974.

  \bibitem[Sar82]{sarkisovCONICBUNDLESTRUCTURES1983}
  V.~G. Sarkisov;
  \textit{On conic bundle structures},
  Izv. Akad. Nauk SSSR Ser. Mat. \textbf{46} (1982), no. 2, 371–408, 432.


  \bibitem[Sho96]{Sho96}
  V. V. Shokurov;
  \textit{3-fold log models}, J. Math. Sci.,
  J. Math. Sci. \textbf{81} (1996), no. 3, 2667–2699.
  \bibitem[Tak95]{tak95}
  N. Takahashi;
  \textit{Sarkisov program for log surfaces},
  Tokyo University Master's Thesis (1995), 395--418.
