% Sarkisov
@article{sarkisovBIRATIONALAUTOMORPHISMSCONIC1981,
  title = {{{BIRATIONAL AUTOMORPHISMS OF CONIC BUNDLES}}},
  author = {Sarkisov, V G},
  year = {1981},
  month = feb,
  journal = {Mathematics of the USSR-Izvestiya},
  volume = {17},
  number = {1},
  pages = {177--202},
  issn = {0025-5726},
  doi = {10.1070/IM1981v017n01ABEH001326},
  abstract = {This paper studies birational automorphisms of algebraic threefolds representable in the form of conic bundles. It is shown that, under certain conditions on the degeneration curve of a conic bundle, the automorphisms preserve the conic bundle structure.},
  langid = {english},
  keywords = {Sarkisov},
  file = {..\\MathLiteratures\\BirationalGeometry\\BIRATIONAL_AUTOMORPHISMS_OF_CONIC_BUNDLESSarkisov_.pdf}
}
@article {sarkisovCONICBUNDLESTRUCTURES1983,
    AUTHOR = {Sarkisov, V. G.},
     TITLE = {On conic bundle structures},
   JOURNAL = {Izv. Akad. Nauk SSSR Ser. Mat.},
  FJOURNAL = {Izvestiya Akademii Nauk SSSR. Seriya Matematicheskaya},
    VOLUME = {46},
      YEAR = {1982},
    NUMBER = {2},
     PAGES = {371--408, 432},
      ISSN = {0373-2436},
   MRCLASS = {14J40 (14E05 14J10)},
  MRNUMBER = {651652},
MRREVIEWER = {Daniel Coray},
}
  % Orgin proof
@article {brunoLogSarkisovProgram1995,
    AUTHOR = {Bruno, Andrea and Matsuki, Kenji},
     TITLE = {Log {S}arkisov program},
   JOURNAL = {Internat. J. Math.},
  FJOURNAL = {International Journal of Mathematics},
    VOLUME = {8},
      YEAR = {1997},
    NUMBER = {4},
     PAGES = {451--494},
      ISSN = {0129-167X},
   MRCLASS = {14E05 (14E07 14E30)},
  MRNUMBER = {1460896},
MRREVIEWER = {Yujiro Kawamata},
       DOI = {10.1142/S0129167X97000238},
       URL = {https://doi.org/10.1142/S0129167X97000238},
}
@article{cortiFactoringBirationalMaps,
  title = {Factoring Birational Maps of Threefolds after {{Sarkisov}}},
  author = {Corti, Alessio},
  journal = {Journal of Algebraic Geometry},
  volume = {1995},
  year = {1995},
  number = {4},
  pages = {223--254},
  keywords = {Sarkisov},
  file = {..\\..\\Program\\scoop\\persist\\zotero\\storage\\QDKAHCDU\\Factoring birational maps of threefolds after Sarkisov - A.Corti 32.pdf}
}
  % Double scaling
@article{haconMinimalModelProgram2012,
  title = {The {{Minimal}} Model Program for {{Varieties}} of Log General Type},
  author = {Hacon, Christopher D.},
  year = {2012},
  month = jun,
  journal = {Wiadomo\'sci Matematyczne},
  volume = {48},
  number = {2},
  pages = {49},
  issn = {2543-991X, 2080-5519},
  doi = {10.14708/wm.v48i2.317},
  langid = {english},
  keywords = {BCHM,flip,model,Sarkisov,Termination},
  file = {..\\Hiraeth\\LiteratureNotes\\The Minimal model program for Varieties of log general type-MdNote.md;..\\Hiraeth\\LiteratureNotes\\The Minimal model program for Varieties of log general type-MetaData.md;..\\MathLiteratures\\BirationalGeometry\\The_Minimal_model_program_for_Varieties_of_log_general_type_Hacon.pdf}
}
@article {liuSarkisovProgramGeneralized2021,
    AUTHOR = {Liu, Jihao},
     TITLE = {Sarkisov program for generalized pairs},
   JOURNAL = {Osaka J. Math.},
  FJOURNAL = {Osaka Journal of Mathematics},
    VOLUME = {58},
      YEAR = {2021},
    NUMBER = {4},
     PAGES = {899--920},
      ISSN = {0030-6126},
   MRCLASS = {14E30},
  MRNUMBER = {4335379},
MRREVIEWER = {Calum Spicer},
}
@misc{liuSarkisovProgramGeneralized2019,
  title = {Sarkisov Program for Generalized Pairs},
  author = {Liu, Jihao},
  year = {2019},
  month = sep,
  number = {arXiv:1802.03926},
  eprint = {1802.03926},
  eprinttype = {arxiv},
  primaryclass = {math},
  publisher = {{arXiv}},
  doi = {10.48550/arXiv.1802.03926},
  abstract = {In this paper we show that any two birational Mori fiber spaces of \$\textbackslash Qq\$-factorial gklt g-pairs are connected by a finite sequence of Sarkisov links.},
  archiveprefix = {arXiv},
  keywords = {gpair,Sarkisov},
  file = {..\\MathLiteratures\\BirationalGeometry\\Sarkisov_program_for_generalized_pairsLiu_.pdf;..\\..\\Program\\scoop\\persist\\zotero\\storage\\HY52KQTT\\1802.html}
}
% Using ample models
@article{haconSarkisovProgram2012,
  title = {The {{Sarkisov}} Program},
  author = {Hacon, Christopher and McKernan, James},
  year = {2012},
  month = dec,
  journal = {Journal of Algebraic Geometry},
  volume = {22},
  number = {2},
  pages = {389--405},
  issn = {1056-3911, 1534-7486},
  doi = {10.1090/S1056-3911-2012-00599-2},
  abstract = {Any two birational Mori fibre spaces are connected by a sequence of Sarkisov links.},
  langid = {english},
  file = {D\:\\Documents\\MathLiteratures\\BirationalGeometry\\The_Sarkisov_programHacon\;_McKernan_.pdf}
}
@misc{haconSarkisovProgram2011,
  title = {The {{Sarkisov}} Program},
  author = {Hacon, Christopher D. and M\textsuperscript{c}Kernan, James},
  year = {2011},
  month = jun,
  number = {arXiv:0905.0946},
  eprint = {0905.0946},
  eprinttype = {arxiv},
  primaryclass = {math},
  publisher = {{arXiv}},
  abstract = {Any two birational Mori fibre spaces are connected by a sequence of Sarkisov links.},
  archiveprefix = {arXiv},
  langid = {english},
  keywords = {model,Sarkisov},
  file = {..\\Hiraeth\\LiteratureNotes\\The Sarkisov program-MdNote.md;..\\Hiraeth\\LiteratureNotes\\The Sarkisov program-MetaData.md;..\\MathLiteratures\\BirationalGeometry\\The_Sarkisov_program_Hacon_et_al.pdf}
}
@article{miyamoto2019TheSP,
  title={The Sarkisov program on log surfaces},
  author={Keisuke Miyamoto},
  journal={arXiv: Algebraic Geometry},
  year={2019},
  volume={2019},
  pages={114-114}
}
@misc{miyamotoSarkisovProgramLog2019,
  title = {The {{Sarkisov}} Program on Log Surfaces},
  author = {Miyamoto, Keisuke},
  year = {2019},
  month = dec,
  number = {arXiv:1910.07025},
  eprint = {1910.07025},
  eprinttype = {arxiv},
  primaryclass = {math},
  publisher = {{arXiv}},
  abstract = {We show that the Sarkisov program holds for Q-factorial log surfaces and log canonical surfaces over any algebraically closed field.},
  archiveprefix = {arXiv},
  langid = {english},
  keywords = {Sarkisov},
  file = {..\\MathLiteratures\\BirationalGeometry\\The_Sarkisov_program_on_log_surfaces_Miyamoto.pdf}
}
%Others
@article{kawamataFlopsConnectMinimal2008,
  title = {Flops {{Connect Minimal Models}}},
  author = {Kawamata, Yujiro},
  year = {2008},
  journal = {Publications of the Research Institute for Mathematical Sciences},
  volume = {44},
  number = {2},
  pages = {419--423},
  issn = {0034-5318},
  doi = {10.2977/prims/1210167332},
  abstract = {A result by Birkar-Cascini-Hacon-McKernan together with the boundedness of length of extremal rays implies that different minimal models can be connected by a sequence of flops.},
  langid = {english},
  file = {..\\..\\Program\\scoop\\persist\\zotero\\storage\\8ZN6L5XA\\Flops Connect Minimal Models.pdf}
}

@article{birkarAscendingChainCondition2007,
  title = {Ascending Chain Condition for Log Canonical Thresholds and Termination of Log Flips},
  author = {Birkar, Caucher},
  year = {2007},
  month = jan,
  journal = {Duke Mathematical Journal},
  volume = {136},
  number = {1},
  issn = {0012-7094},
  doi = {10.1215/S0012-7094-07-13615-9},
  abstract = {We prove that the ascending chain condition (ACC) for log canonical (lc) thresholds in dimension d, existence of log flips in dimension d, and the log minimal model program (LMMP) in dimension d - 1 imply termination of any sequence of log flips starting with a d-dimensional effective lc pair and also imply termination of flops in dimension d. In particular, the latter terminations in dimension 4 follow from the Alexeev-Borisov conjecture in dimension 3.},
  langid = {english},
  keywords = {ACC,Termination},
  file = {..\\MathLiteratures\\BirationalGeometry\\Ascending_chain_condition_for_log_canonical_thresholds_and_termination_of_logBirkar_.pdf}
}

@article{birkarSingularitiesLinearSystems2020,
author = {Caucher Birkar},
title = {{Singularities of linear systems and boundedness of Fano varieties}},
volume = {193},
journal = {Annals of Mathematics},
number = {2},
publisher = {Department of Mathematics of Princeton University},
pages = {347 -- 405},
keywords = {bounded families, Fano varieties, Linear systems, log canonical thresholds, minimal model program},
year = {2021},
doi = {10.4007/annals.2021.193.2.1},
URL = {https://doi.org/10.4007/annals.2021.193.2.1}
}

@article{birkarExistenceMinimalModels2009,
  title = {Existence of Minimal Models for Varieties of Log General Type},
  author = {Birkar, Caucher and Cascini, Paolo and Hacon, Christopher D. and M\textsuperscript{c}Kernan, James},
  year = {2009},
  month = nov,
  journal = {Journal of the American Mathematical Society},
  volume = {23},
  number = {2},
  pages = {405--468},
  issn = {0894-0347},
  doi = {10.1090/S0894-0347-09-00649-3},
  langid = {english},
  file = {..\\..\\Program\\scoop\\persist\\zotero\\storage\\MTFABJ48\\Birkar ç­‰ - 2009 - Existence of minimal models for varieties of log g.pdf}
}


@misc{birkarExistenceMinimalModels2008,
  title = {Existence of Minimal Models for Varieties of Log General Type},
  author = {Birkar, Caucher and Cascini, Paolo and Hacon, Christopher D. and McKernan, James},
  year = {2008},
  month = aug,
  number = {arXiv:math/0610203},
  eprint = {math/0610203},
  eprinttype = {arxiv},
  publisher = {{arXiv}},
  abstract = {We prove that the canonical ring of a smooth projective variety is finitely generated.},
  archiveprefix = {arXiv},
  langid = {english},
  keywords = {BCHM},
  file = {..\\Hiraeth\\LiteratureNotes\\Existence of minimal models for varieties of log general type-MdNote.md;..\\Hiraeth\\LiteratureNotes\\Existence of minimal models for varieties of log general type-MetaData.md;..\\MathLiteratures\\BirationalGeometry\\Existence_of_minimal_models_for_varieties_of_log_general_type_Birkar_et_al.pdf}
}
@article{haconExistenceMinimalModels2010,
  title = {Existence of Minimal Models for Varieties of Log General Type {{II}}},
  author = {Hacon, Christopher and M\$\^\{c\}\$Kernan, James},
  year = {2010},
  month = apr,
  journal = {Journal of the American Mathematical Society},
  volume = {23},
  number = {2},
  pages = {469--490},
  issn = {0894-0347, 1088-6834},
  doi = {10.1090/S0894-0347-09-00651-1},
  abstract = {Assuming finite generation in dimension n-1, we prove that pl-flips exist in dimension n.},
  langid = {english},
  keywords = {BCHM},
  file = {..\\MathLiteratures\\BirationalGeometry\\Existence_of_minimal_models_for_varieties_of_log_general_type_II_Hacon_et_al.pdf}
}

@article{haconFlipsFlops2010,
  title = {Flips and {{Flops}}},
  author = {Hacon, Christopher},
  year = {2010},
  month = jan,
  journal = {Proceedings of the International Congress of Mathematicians 2010 (ICM 2010) - Vol. I: Plenary Lectures and Ceremonies, Vols. II-IV: Invited Lectures},
  abstract = {Flips and Flops},
  langid = {english},
  keywords = {flip},
  file = {..\\..\\Program\\scoop\\persist\\zotero\\storage\\ZIDATGFD\\Flips_and_Flops.pdf;..\\..\\Program\\scoop\\persist\\zotero\\storage\\NP5GJDE8\\Flips_and_Flops.html}
}
@article{sarkisovBirationalmapsofstandardQfanoFibering,
author = {Sarkisov, V.},
year = {1989},
month = {12},
pages = {},
title = {Birational maps of standard $\mathbb{Q}$-Fano fiberings}
}

@article{birkarAntipluricanonicalSystemsFano2019,
author = {Caucher Birkar},
title = {{Anti-pluricanonical systems on Fano varieties}},
volume = {190},
journal = {Annals of Mathematics},
number = {2},
publisher = {Department of Mathematics of Princeton University},
pages = {345 -- 463},
keywords = {complements, Fano varieties, Linear systems, minimal model program},
year = {2019},
doi = {10.4007/annals.2019.190.2.1},
URL = {https://doi.org/10.4007/annals.2019.190.2.1}
}
